<record><leader>00000cas a22000007a 4500</leader><controlfield tag="001">1518990</controlfield><controlfield tag="008">750807d19672000mnuwr ne      0    0eng d</controlfield><datafield ind1=" " ind2=" " tag="010"><subfield code="a">sn 89064963 </subfield></datafield><datafield ind1=" " ind2=" " tag="040"><subfield code="a">MUL</subfield><subfield code="b">eng</subfield><subfield code="c">MUL</subfield><subfield code="d">OCL</subfield><subfield code="d">MN#</subfield><subfield code="d">DLC</subfield><subfield code="d">OCLCF</subfield><subfield code="d">OCLCO</subfield></datafield><datafield ind1="1" ind2=" " tag="029"><subfield code="a">AU@</subfield><subfield code="b">000020587389</subfield></datafield><datafield ind1=" " ind2=" " tag="042"><subfield code="a">msc</subfield></datafield><datafield ind1=" " ind2=" " tag="043"><subfield code="a">n-us-mn</subfield></datafield><datafield ind1=" " ind2=" " tag="052"><subfield code="a">4144</subfield><subfield code="b">B12</subfield></datafield><datafield ind1=" " ind2=" " tag="052"><subfield code="a">4143</subfield><subfield code="b">S2</subfield></datafield><datafield ind1="0" ind2="0" tag="245"><subfield code="a">Babbitt weekly news.</subfield></datafield><datafield ind1="0" ind2="0" tag="246"><subfield code="a">BWN</subfield></datafield><datafield ind1=" " ind2=" " tag="260"><subfield code="a">Babbitt, Minn. :</subfield><subfield code="b">A.B. Awstreng,</subfield><subfield code="c">1967-2000.</subfield></datafield><datafield ind1=" " ind2=" " tag="300"><subfield code="a">v.</subfield></datafield><datafield ind1=" " ind2=" " tag="310"><subfield code="a">Weekly</subfield></datafield><datafield ind1="0" ind2=" " tag="362"><subfield code="a">5th year (Nov. 22, 1967)-v. 43, issue 19 (May 20, 2000).</subfield></datafield><datafield ind1=" " ind2=" " tag="530"><subfield code="a">Available on microfilm from the Minnesota Historical Society.</subfield></datafield><datafield ind1=" " ind2="0" tag="651"><subfield code="a">Babbitt (Minn.)</subfield><subfield code="v">Newspapers.</subfield></datafield><datafield ind1=" " ind2="7" tag="655"><subfield code="a">Newspapers.</subfield><subfield code="2">fast</subfield><subfield code="0">(OCoLC)fst01423814</subfield></datafield><datafield ind1=" " ind2="7" tag="651"><subfield code="a">Minnesota</subfield><subfield code="z">Babbitt.</subfield><subfield code="2">fast</subfield><subfield code="0">(OCoLC)fst01254463</subfield></datafield><datafield ind1=" " ind2=" " tag="752"><subfield code="a">United States</subfield><subfield code="b">Minnesota</subfield><subfield code="c">Saint Louis</subfield><subfield code="d">Babbitt.</subfield></datafield><datafield ind1="0" ind2="0" tag="780"><subfield code="t">Babbitt weekly</subfield><subfield code="w">(DLC)sn 89064962</subfield></datafield><datafield ind1="0" ind2="0" tag="785"><subfield code="t">New Babbitt weekly news</subfield><subfield code="w">(OCoLC)44622511</subfield></datafield></record>